<?xml version="1.0" encoding="UTF-8"?><collection xmlns="http://www.loc.gov/MARC21/slim"><record><leader>00533nam--2200181-i-4500</leader><controlfield tag="001">000047734</controlfield><controlfield tag="002">20161230</controlfield><controlfield tag="005">20161230201046</controlfield><controlfield tag="008">060222s1000------------r-----000-0-eng-d</controlfield><datafield ind1=" " ind2=" " tag="040"><subfield code="a">IFIN-HH</subfield></datafield><datafield ind1=" " ind2=" " tag="080"><subfield code="a">539.12.04</subfield></datafield><datafield ind1="1" ind2=" " tag="110"><subfield code="a">National Bureau of Standards</subfield></datafield><datafield ind1="1" ind2="0" tag="245"><subfield code="a">X-ray protection</subfield><subfield code="b">Recommendations of the national committee on radiation protection</subfield></datafield><datafield ind1=" " ind2=" " tag="260"><subfield code="a">Washington</subfield><subfield code="b">U.S.Department Of Commerce</subfield><subfield code="c">1955</subfield></datafield><datafield ind1=" " ind2=" " tag="300"><subfield code="a">VI+41P</subfield></datafield><datafield ind1=" " ind2=" " tag="490"><subfield code="a">N.B.S.Handbook 60</subfield></datafield><datafield ind1=" " ind2=" " tag="852"><subfield code="a">10789</subfield><subfield code="c">539.12.04</subfield></datafield><datafield ind1=" " ind2=" " tag="CAT"><subfield code="a">Sys</subfield><subfield code="c">20120202</subfield><subfield code="h">162553</subfield></datafield></record></collection>